<?xml version="1.0" encoding="UTF-8"?>
<record xmlns="http://www.loc.gov/MARC21/slim" xmlns:xsi="http://www.w3.org/2001/XMLSchema-instance" xsi:schemaLocation="http://www.loc.gov/MARC21/slim http://www.loc.gov/standards/marcxml/schema/MARC21slim.xsd">
<leader>     nam a2200373   4500</leader>
<controlfield tag="001">002818882</controlfield>
<controlfield tag="003">NNU</controlfield>
<controlfield tag="005">19940713181853.0</controlfield>
<controlfield tag="008">870520r19681897iq       b    000 0 arax</controlfield>
<datafield tag="010" ind1=" " ind2=" ">
<subfield code="a">76961406</subfield>
</datafield>
<datafield tag="020" ind1=" " ind2=" ">
<subfield code="c">3.00 Egyptian pounds</subfield>
</datafield>
<datafield tag="035" ind1="9" ind2=" ">
<subfield code="a">NYUb10526450</subfield>
</datafield>
<datafield tag="035" ind1=" " ind2=" ">
<subfield code="a">(CStRLIN)NYUG87-B16757</subfield>
</datafield>
<datafield tag="035" ind1=" " ind2=" ">
<subfield code="a">GLIS005264502</subfield>
</datafield>
<datafield tag="040" ind1=" " ind2=" ">
<subfield code="c">NN</subfield>
<subfield code="d">NN</subfield>
<subfield code="d">NNU</subfield>
</datafield>
<datafield tag="050" ind1="0" ind2=" ">
<subfield code="a">PJ7741.U55</subfield>
<subfield code="b">A6 1968</subfield>
</datafield>
<datafield tag="090" ind1=" " ind2=" ">
<subfield code="i">06/11/87 CT</subfield>
<subfield code="h">05/20/87 CT</subfield>
</datafield>
<datafield tag="100" ind1="0" ind2=" ">
<subfield code="a">ʻUmārah ibn ʻAlī al-Ḥakamī,</subfield>
<subfield code="d">1120 or 21-1174.</subfield>
</datafield>
<datafield tag="245" ind1="1" ind2="0">
<subfield code="a">Kitāb fīhī al-nukat al-ʻaṣrīyah fī akhbār al-wuzarāʼ al-Miṣrīyah,</subfield>
<subfield code="c">taʼlīf Najm al-Dīn Abī Muḥammad ʻUmārah ibn Abī al-Ḥasan al-Ḥakamī thumma al-Yamanī. Wa-fīhi qaṣāʼid min shiʻrih wa-maqāṭīʻ min nathrih. Iʻtaná bi-taṣḥīḥih Hartwīgh Dirinburgh.</subfield>
</datafield>
<datafield tag="260" ind1=" " ind2=" ">
<subfield code="a">Baghdād,</subfield>
<subfield code="b">Maktabat al-Muthanná</subfield>
<subfield code="c">[1968 ?]</subfield>
</datafield>
<datafield tag="300" ind1=" " ind2=" ">
<subfield code="a">399, xvi p.</subfield>
<subfield code="c">24 cm.</subfield>
</datafield>
<datafield tag="490" ind1="1" ind2=" ">
<subfield code="a">Publications de l'École des langues orientales vivantes, 4e sér.,</subfield>
<subfield code="v">v. 10</subfield>
</datafield>
<datafield tag="500" ind1=" " ind2=" ">
<subfield code="a">In Arabic.</subfield>
</datafield>
<datafield tag="500" ind1=" " ind2=" ">
<subfield code="a">Cover title.</subfield>
</datafield>
<datafield tag="500" ind1=" " ind2=" ">
<subfield code="a">Original t.p.: ʻOumâra du Yemen, sa vie et son oeuvre, par Hartwig Derembourg.</subfield>
</datafield>
<datafield tag="500" ind1=" " ind2=" ">
<subfield code="a">Pref. in French.</subfield>
</datafield>
<datafield tag="500" ind1=" " ind2=" ">
<subfield code="a">Reprint of v.1 of the ed. published in Paris, 1897.</subfield>
</datafield>
<datafield tag="504" ind1=" " ind2=" ">
<subfield code="a">Includes bibliographical references.</subfield>
</datafield>
<datafield tag="505" ind1=" " ind2=" ">
<subfield code="a">al-Nukat al-ʻaṣrīyah fī akhbār al-wuzarāʼ al-Miṣrīyah -- Mukhtār min dīwān ʻUmārah.</subfield>
</datafield>
<datafield tag="600" ind1="1" ind2="0">
<subfield code="a">Derenbourg, Hartwig,</subfield>
<subfield code="d">1844-1908.</subfield>
</datafield>
<datafield tag="740" ind1="0" ind2=" ">
<subfield code="a">Nukat al-ʻaṣrīyah fī akhbār al-wuzarāʼ al-Miṣrīyah.</subfield>
</datafield>
<datafield tag="810" ind1="1" ind2=" ">
<subfield code="a">Paris (France).</subfield>
<subfield code="b">École des langues oreintales vivantes.</subfield>
<subfield code="t">Publications,</subfield>
<subfield code="n">4. sér. ;</subfield>
<subfield code="v">v. 10.</subfield>
</datafield>
<datafield tag="OWN" ind1=" " ind2=" ">
<subfield code="a">GENERAL</subfield>
</datafield>
<datafield tag="950" ind1=" " ind2=" ">
<subfield code="l">BMAIN</subfield>
<subfield code="a">PJ7755.U4</subfield>
<subfield code="b">A6 1968</subfield>
<subfield code="i">06/11/87 C</subfield>
<subfield code="h">05/20/87 C</subfield>
</datafield>
<datafield tag="955" ind1=" " ind2=" ">
<subfield code="l">BMAIN</subfield>
<subfield code="c">1</subfield>
<subfield code="r">012413244</subfield>
<subfield code="h">05/20/87 C</subfield>
</datafield>
<datafield tag="998" ind1=" " ind2=" ">
<subfield code="a">06/11/87</subfield>
<subfield code="t">c</subfield>
<subfield code="s">9115</subfield>
<subfield code="n">NNU</subfield>
<subfield code="w">NYPG011000336B</subfield>
<subfield code="d">05/20/87</subfield>
<subfield code="b">XXX</subfield>
<subfield code="i">870611</subfield>
<subfield code="h">870520</subfield>
<subfield code="l">NYUG</subfield>
</datafield>
<datafield tag="AVA" ind1=" " ind2=" ">
<subfield code="a">NYU50</subfield>
<subfield code="b">BOBST</subfield>
<subfield code="c">Main Collection</subfield>
<subfield code="d">PJ7755.U4 A6 1968</subfield>
<subfield code="e">unavailable</subfield>
<subfield code="t">Unavailable</subfield>
<subfield code="f">1</subfield>
<subfield code="g">1</subfield>
<subfield code="h">N</subfield>
<subfield code="i">0</subfield>
<subfield code="j">MAIN</subfield>
</datafield>
</record>
